Comments can be made just like this
Best thesis ever:
@mastersthesis{gratl17task,
    address = {Garching},
    author = {Gratl, Fabio Alexander},
    institution = {Institut für Informatik 5, Technische Universität München},
    month = nov,
    organization = {Institut für Informatik 5, Technische Universität München},
    school = {Institut für Informatik 5, Technische Universität München},
    title = {Task Based Parallelization of the Fast Multipole Method implementation of ls1-mardyn via QuickSched},
    type = {Master's thesis},
    year = {2017},
    URL = {https://www5.in.tum.de/pub/Gratl_MA_TaskBasedFMM.pdf}
}

@incollection{Luding2008,
	author    = {Stefan Luding},
	title     = {Introduction to Discrete Element Methods: Basics of Contact Force Models and How to Perform the Micro-Macro Transition to Continuum Theory},
	booktitle = {Discrete Element Methods},
	year      = {2008},
	volume    = {10},
	pages     = {1--43},
	publisher = {TS, CTW, UTwente},
	address   = {Enschede, Netherlands},
	note      = {Available online: \texttt{s.luding@utwente.nl}},
}

@Inbook{Luding1998,
	author="Luding, S.",
	editor="Herrmann, H. J.
	and Hovi, J.-P.
	and Luding, S.",
	title="Collisions {\&} Contacts between Two Particles",
	bookTitle="Physics of Dry Granular Media",
	year="1998",
	publisher="Springer Netherlands",
	address="Dordrecht",
	pages="285--304",
	isbn="978-94-017-2653-5",
	doi="10.1007/978-94-017-2653-5_20",
	url="https://doi.org/10.1007/978-94-017-2653-5_20"
}

